%% This BibTeX bibliography file was created using BibDesk.
%% http://bibdesk.sourceforge.net/

%% Saved with string encoding Unicode (UTF-8)

@article{
	abbreviation,
	Author = {Name, I.},
	Date-Modified = {2013-07-15 01:03:39 +0000},
	Title = {Title of the artible}
	}
